<record><leader>00000cas a22000007a 4500</leader><controlfield tag="001">12925070</controlfield><controlfield tag="008">851217c19259999iauwr ne      0    0eng d</controlfield><datafield ind1=" " ind2=" " tag="010"><subfield code="a">sn 85049877 </subfield></datafield><datafield ind1=" " ind2=" " tag="040"><subfield code="a">INP</subfield><subfield code="b">eng</subfield><subfield code="c">INP</subfield><subfield code="d">NST</subfield><subfield code="d">OCLCQ</subfield></datafield><datafield ind1=" " ind2=" " tag="012"><subfield code="i">9102</subfield></datafield><datafield ind1=" " ind2=" " tag="042"><subfield code="a">msc</subfield></datafield><datafield ind1="0" ind2=" " tag="130"><subfield code="a">Mapleton press (Mapleton, Iowa : 1925)</subfield></datafield><datafield ind1="1" ind2="4" tag="245"><subfield code="a">The Mapleton press.</subfield></datafield><datafield ind1=" " ind2=" " tag="260"><subfield code="a">Mapleton, Iowa :</subfield><subfield code="b">Herman H. Koch,</subfield><subfield code="c">1925-</subfield></datafield><datafield ind1=" " ind2=" " tag="300"><subfield code="a">v. :</subfield><subfield code="b">ill.</subfield></datafield><datafield ind1=" " ind2=" " tag="310"><subfield code="a">Weekly</subfield></datafield><datafield ind1="0" ind2=" " tag="362"><subfield code="a">Vol. 55, no. 49 (Dec. 10, 1925)-</subfield></datafield><datafield ind1=" " ind2=" " tag="500"><subfield code="a">"50th anniversary edition" published as v. 57, no. 36 (Sept. 8, 1927).</subfield></datafield><datafield ind1=" " ind2=" " tag="500"><subfield code="a">Includes sections called: Castana times, numbered v. 42, no. 23 (July 30, 1931)--v. 44, no. 38 (Nov. 16, 1933); Sioux Valley tribune, numbered v. 16, no. 5 (Feb. 4, 1932)-v. 17, no. 46 (Nov. 16, 1933).</subfield></datafield><datafield ind1=" " ind2=" " tag="500"><subfield code="a">Original editor: Herman H. Koch.</subfield></datafield><datafield ind1=" " ind2=" " tag="515"><subfield code="a">Vol. 55, no. 49 (Dec. 10, 1925)-v. 55, no. 51 (Dec. 24, 1925) misnumbered Vol. 55, no. 50-v. 55, no. 52.</subfield></datafield><datafield ind1=" " ind2=" " tag="752"><subfield code="a">United States</subfield><subfield code="b">Iowa</subfield><subfield code="c">Monona</subfield><subfield code="d">Mapleton.</subfield></datafield><datafield ind1=" " ind2=" " tag="752"><subfield code="a">United States</subfield><subfield code="b">Iowa</subfield><subfield code="c">Monona</subfield><subfield code="d">Castana.</subfield></datafield><datafield ind1=" " ind2=" " tag="752"><subfield code="a">United States</subfield><subfield code="b">Iowa</subfield><subfield code="c">Woodbury</subfield><subfield code="d">Smithland.</subfield></datafield><datafield ind1="0" ind2="1" tag="780"><subfield code="t">Mapleton press and Castana times</subfield><subfield code="w">(DLC)sn 85049876</subfield></datafield><datafield ind1="0" ind2="5" tag="780"><subfield code="t">Castana times (Castana, Iowa : 1925)</subfield><subfield code="g">July 30, 1931</subfield></datafield><datafield ind1="0" ind2="5" tag="780"><subfield code="t">Sioux Valley tribune</subfield><subfield code="w">(DLC)sn 85049884</subfield><subfield code="g">Feb. 4, 1932</subfield></datafield><datafield ind1="1" ind2=" " tag="787"><subfield code="t">Castana times</subfield></datafield><datafield ind1="1" ind2=" " tag="787"><subfield code="t">Sioux Valley tribune</subfield></datafield><datafield ind1=" " ind2=" " tag="850"><subfield code="a">IaAS</subfield></datafield><datafield ind1="1" ind2=" " tag="029"><subfield code="a">AU@</subfield><subfield code="b">000025786113</subfield></datafield></record>